@book{mahadevan,
	title={Learning Representation and Control in Markov Decision Processes},
	author={Mahadevan, Sridhar},
	year={2009},
	publisher={Now Publishers Inc}
}
@article{deepmind,
	  title={Playing atari with deep reinforcement learning},
	    author={Mnih, Volodymyr and Kavukcuoglu, Koray and Silver, David and Graves, Alex and Antonoglou, Ioannis and Wierstra, Daan and Riedmiller, Martin},
		  journal={arXiv preprint arXiv:1312.5602},
		    year={2013}
}
